Bibliography file for bibtex use.  Text outside of at-commands is ignored.
Here's some examples

@ARTICLE{BeckerGrunEtAl03,
  author = {J. Becker and G. Grun and R. Seemann and H. Mantz and K. Jacobs
  and K.R.
	Mecke and R. Blossey},
  title = {Complex dewetting scenarios captured by thin-film models},
  journal = {Nat. Mater.},
  year = {2003},
  volume = {2},
  pages = {59-63},
  number = {1},
  month = {January},
}
@UNPUBLISHED{BonnEggersEtAl,
  author = {D. Bonn and J. Eggers and J. Indekeu and J. Meunier
	and E. Rolley},
  title = {Wetting and spreading},
  note = {Submitted to \emph{Rev. Mod. Phys.}},
  year = {2007},
  url = {\url{http://itf.fys.kuleuven.be/~joi/papers/Wetting and
     spreading.pdf}}
}
@INBOOK{ChangDemekhin02,
  chapter = {9},
  pages = {271-285},
  title = {Complex Wave Dynamics on Thin Films},
  publisher = {Elsevier},
  year = {2002},
  author = {H.-C. Chang and E.A. Demekhin},
}
@BOOK{pgdg03,
  title = {Capillarity and wetting phenomena: drops, bubbles, pearls, waves},
  publisher = {Springer Verlag},
  year = {2003},
  author = {P.-G. de Gennes and F. Brochard-Wyart and D. Quere},
  address = {New York}
}
@ARTICLE{fancy,
	title = {Name with proper names {H}ello {K}itty},
	author = {St\"{e}phen Colb\'{e}t},
	journal = {Imag. Res.},
	year = {1999},
	volume = {1},
	pages = {123--127}
}
