%% This BibTeX bibliography file was created using BibDesk.
%% http://bibdesk.sourceforge.net/


%% Created for Matthew Heaton at 2009-12-29 13:22:40 -0500 


%% Saved with string encoding Unicode (UTF-8) 
@article{pittman2006,
   author = {Pittman, K. M. and Losken, H. W. and Kleinman, M. E. and Marcus, J. R. and Blei, F. and Gurtner, G. C. and Marchuk, D. A.},
   title = {No evidence for maternal-fetal microchimerism in infantile hemangioma: a molecular genetic investigation},
   journal = {J Invest Dermatol},
   volume = {126},
   number = {11},
   pages = {2533-8},
   ISSN = {1523-1747 (Electronic)
0022-202X (Linking)},
   DOI = {10.1038/sj.jid.5700516},
   url = {https://www.ncbi.nlm.nih.gov/pubmed/16902414},
   year = {2006},
   type = {Journal Article}
}

@article{north2000,
   author = {North, P. E. and Waner, M. and Mizeracki, A. and Mihm, M. C., Jr.},
   title = {GLUT1: a newly discovered immunohistochemical marker for juvenile hemangiomas},
   journal = {Hum Pathol},
   volume = {31},
   number = {1},
   pages = {11-22},
   ISSN = {0046-8177 (Print)
0046-8177 (Linking)},
   DOI = {10.1016/s0046-8177(00)80192-6},
   url = {https://www.ncbi.nlm.nih.gov/pubmed/10665907},
   year = {2000},
   type = {Journal Article}
}

@article{north2001,
   author = {North, P. E. and Waner, M. and Mizeracki, A. and Mrak, R. E. and Nicholas, R. and Kincannon, J. and Suen, J. Y. and Mihm, M. C., Jr.},
   title = {A unique microvascular phenotype shared by juvenile hemangiomas and human placenta},
   journal = {Arch Dermatol},
   volume = {137},
   number = {5},
   pages = {559-70},
   ISSN = {0003-987X (Print)
0003-987X (Linking)},
   url = {https://www.ncbi.nlm.nih.gov/pubmed/11346333},
   year = {2001},
   type = {Journal Article}
}

@article{labauge2009,
   author = {Labauge, P. and Fontaine, B. and Neau, J. P. and Bergametti, F. and Riant, F. and Blecon, A. and Marchelli, F. and Arnoult, M. and Lannuzel, A. and Clanet, M. and Olschwang, S. and Denier, C. and Tournier-Lasserve, E.},
   title = {Multiple dural lesions mimicking meningiomas in patients with CCM3/PDCD10 mutations},
   journal = {Neurology},
   volume = {72},
   number = {23},
   pages = {2044-6},
   ISSN = {1526-632X (Electronic)
0028-3878 (Linking)},
   DOI = {10.1212/WNL.0b013e3181a92b13},
   url = {https://www.ncbi.nlm.nih.gov/pubmed/19506228},
   year = {2009},
   type = {Journal Article}
}

@article{riant2013,
   author = {Riant, F. and Bergametti, F. and Fournier, H. D. and Chapon, F. and Michalak-Provost, S. and Cecillon, M. and Lejeune, P. and Hosseini, H. and Choe, C. and Orth, M. and Bernreuther, C. and Boulday, G. and Denier, C. and Labauge, P. and Tournier-Lasserve, E.},
   title = {CCM3 Mutations Are Associated with Early-Onset Cerebral Hemorrhage and Multiple Meningiomas},
   journal = {Mol Syndromol},
   volume = {4},
   number = {4},
   pages = {165-72},
   ISSN = {1661-8769 (Print)
1661-8769 (Linking)},
   DOI = {10.1159/000350042},
   url = {https://www.ncbi.nlm.nih.gov/pubmed/23801932},
   year = {2013},
   type = {Journal Article}
}

@article{garaci2015,
   author = {Garaci, F. and Marsili, L. and Riant, F. and Marziali, S. and Cecillon, M. and Pasquarelli, R. and Sangiuolo, F. and Floris, R. and Novelli, G. and Tournier-Lasserve, E. and Brancati, F.},
   title = {Cerebral cavernous malformations associated to meningioma: High penetrance in a novel family mutated in the \italicize{PDCD10} gene},
   journal = {Neuroradiol J},
   volume = {28},
   number = {3},
   pages = {289-93},
   ISSN = {1971-4009 (Print)
1971-4009 (Linking)},
   DOI = {10.1177/1971400915591688},
   url = {https://www.ncbi.nlm.nih.gov/pubmed/26246098},
   year = {2015},
   type = {Journal Article}
}

@article{cuttano2016,
   author = {Cuttano, R. and Rudini, N. and Bravi, L. and Corada, M. and Giampietro, C. and Papa, E. and Morini, M. F. and Maddaluno, L. and Baeyens, N. and Adams, R. H. and Jain, M. K. and Owens, G. K. and Schwartz, M. and Lampugnani, M. G. and Dejana, E.},
   title = {KLF4 is a key determinant in the development and progression of cerebral cavernous malformations},
   journal = {EMBO Mol Med},
   volume = {8},
   number = {1},
   pages = {6-24},
   ISSN = {1757-4684 (Electronic)
1757-4676 (Linking)},
   DOI = {10.15252/emmm.201505433},
   url = {https://www.ncbi.nlm.nih.gov/pubmed/26612856},
   year = {2016},
   type = {Journal Article}
}

@article{zhou2016,
   author = {Zhou, Z. and Tang, A. T. and Wong, W. Y. and Bamezai, S. and Goddard, L. M. and Shenkar, R. and Zhou, S. and Yang, J. and Wright, A. C. and Foley, M. and Arthur, J. S. and Whitehead, K. J. and Awad, I. A. and Li, D. Y. and Zheng, X. and Kahn, M. L.},
   title = {Cerebral cavernous malformations arise from endothelial gain of MEKK3-KLF2/4 signalling},
   journal = {Nature},
   volume = {532},
   number = {7597},
   pages = {122-6},
   ISSN = {1476-4687 (Electronic)
0028-0836 (Linking)},
   DOI = {10.1038/nature17178},
   url = {https://www.ncbi.nlm.nih.gov/pubmed/27027284},
   year = {2016},
   type = {Journal Article}
}

@article{ren2021,
   author = {Ren, A. A. and Snellings, D. A. and Su, Y. S. and Hong, C. C. and Castro, M. and Tang, A. T. and Detter, M. R. and Hobson, N. and Girard, R. and Romanos, S. and Lightle, R. and Moore, T. and Shenkar, R. and Benavides, C. and Beaman, M. M. and Mueller-Fielitz, H. and Chen, M. and Mericko, P. and Yang, J. and Sung, D. C. and Lawton, M. T. and Ruppert, M. and Schwaninger, M. and Korbelin, J. and Potente, M. and Awad, I. A. and Marchuk, D. A. and Kahn, M. L.},
       title = {\italicize{PIK3CA} and CCM mutations fuel cavernomas through a cancer-like mechanism},
   journal = {Nature},
   ISSN = {1476-4687 (Electronic)
0028-0836 (Linking)},
   DOI = {10.1038/s41586-021-03562-8},
   url = {https://www.ncbi.nlm.nih.gov/pubmed/33910229},
   year = {2021},
   type = {Journal Article}
}

@article{reuss2013,
   author = {Reuss, D. E. and Piro, R. M. and Jones, D. T. and Simon, M. and Ketter, R. and Kool, M. and Becker, A. and Sahm, F. and Pusch, S. and Meyer, J. and Hagenlocher, C. and Schweizer, L. and Capper, D. and Kickingereder, P. and Mucha, J. and Koelsche, C. and Jager, N. and Santarius, T. and Tarpey, P. S. and Stephens, P. J. and Andrew Futreal, P. and Wellenreuther, R. and Kraus, J. and Lenartz, D. and Herold-Mende, C. and Hartmann, C. and Mawrin, C. and Giese, N. and Eils, R. and Collins, V. P. and Konig, R. and Wiestler, O. D. and Pfister, S. M. and von Deimling, A.},
   title = {Secretory meningiomas are defined by combined \italicize{KLF4} K409Q and \italicize{TRAF7} mutations},
   journal = {Acta Neuropathol},
   volume = {125},
   number = {3},
   pages = {351-8},
   ISSN = {1432-0533 (Electronic)
0001-6322 (Linking)},
   DOI = {10.1007/s00401-013-1093-x},
   url = {https://www.ncbi.nlm.nih.gov/pubmed/23404370},
   year = {2013},
   type = {Journal Article}
}










